%---------------------------------------------------------------------------%
%-                                                                         -%
%-                             Bibliography                                -%
%-                                                                         -%
%---------------------------------------------------------------------------%
@article{SMPL,
    author = {Loper, Matthew and Mahmood, Naureen and Romero, Javier and Pons-Moll, Gerard and Black, Michael J.},
    title = {{SMPL}: A Skinned Multi-Person Linear Model},
    journal = {ACM Trans. Graphics (Proc. SIGGRAPH Asia)},
    month = oct,
    number = {6},
    pages = {248:1--248:16},
    publisher = {ACM},
    volume = {34},
    year = {2015}
}
@InProceedings{BundleSDF,
    author    = {Wen, Bowen and Tremblay, Jonathan and Blukis, Valts and Tyree, Stephen and M\"uller, Thomas and Evans, Alex and Fox, Dieter and Kautz, Jan and Birchfield, Stan},
    title     = {BundleSDF: Neural 6-DoF Tracking and 3D Reconstruction of Unknown Objects},
    booktitle = {Proceedings of the IEEE/CVF Conference on Computer Vision and Pattern Recognition (CVPR)},
    month     = {June},
    year      = {2023},
    pages     = {606-617}
}
@InProceedings{Pixel2Mesh,
    author={Wang, Nanyang and Zhang, Yinda and Li, Zhuwen and Fu, Yanwei and Liu, Wei and Jiang, Yu-Gang},
    editor={Ferrari, Vittorio and Hebert, Martial and Sminchisescu, Cristian and Weiss, Yair},
    title={Pixel2Mesh: Generating 3D Mesh Models from Single RGB Images"},
    booktitle={Computer Vision -- ECCV 2018},
    year={2018},
    publisher={Springer International Publishing},
    address={Cham},
    pages={55--71},
    isbn={978-3-030-01252-6}
}
@article{Ross2008IncrementalLF,
    title={Incremental Learning for Robust Visual Tracking},
    author={David A. Ross and Jongwoo Lim and Ruei-Sung Lin and Ming-Hsuan Yang},
    journal={International Journal of Computer Vision},
    year={2008},
    volume={77},
    pages={125-141},
    url={https://api.semanticscholar.org/CorpusID:1089627}
}
@inproceedings{Nealen2006LaplacianMO,
    title={Laplacian mesh optimization},
    author={Andrew Nealen and Takeo Igarashi and Olga Sorkine-Hornung and Marc Alexa},
    booktitle={Conference on Computer Graphics and Interactive Techniques in Australasia and Southeast Asia},
    year={2006},
    url={https://api.semanticscholar.org/CorpusID:608037}
}
@inproceedings{Glow,
    author = {Kingma, Durk P and Dhariwal, Prafulla},
    booktitle = {Advances in Neural Information Processing Systems},
    editor = {S. Bengio and H. Wallach and H. Larochelle and K. Grauman and N. Cesa-Bianchi and R. Garnett},
    pages = {},
    publisher = {Curran Associates, Inc.},
    title = {Glow: Generative Flow with Invertible 1x1 Convolutions},
    url = {https://proceedings.neurips.cc/paper_files/paper/2018/file/d139db6a236200b21cc7f752979132d0-Paper.pdf},
    volume = {31},
    year = {2018}
}
@InProceedings{Choy_2020_CVPR,
    author = {Choy, Christopher and Dong, Wei and Koltun, Vladlen},
    title = {Deep Global Registration},
    booktitle = {Proceedings of the IEEE/CVF Conference on Computer Vision and Pattern Recognition (CVPR)},
    month = {June},
    year = {2020}
}
@article{Kolotouros2021ProbabilisticMF,
    title={Probabilistic Modeling for Human Mesh Recovery},
    author={Nikos Kolotouros and Georgios Pavlakos and Dinesh Jayaraman and Kostas Daniilidis},
    journal={2021 IEEE/CVF International Conference on Computer Vision (ICCV)},
    year={2021},
    pages={11585-11594},
    url={https://api.semanticscholar.org/CorpusID:237303794}
}
@inproceedings{NEURIPS2022_fbb10d31,
    author = {Xu, Yufei and Zhang, Jing and ZHANG, Qiming and Tao, Dacheng},
    booktitle = {Advances in Neural Information Processing Systems},
    editor = {S. Koyejo and S. Mohamed and A. Agarwal and D. Belgrave and K. Cho and A. Oh},
    pages = {38571--38584},
    publisher = {Curran Associates, Inc.},
    title = {ViTPose: Simple Vision Transformer Baselines for Human Pose Estimation},
    url = {https://proceedings.neurips.cc/paper_files/paper/2022/file/fbb10d319d44f8c3b4720873e4177c65-Paper-Conference.pdf},
    volume = {35},
    year = {2022}
}
@InProceedings{Chen_2022_CVPR:epro_pnp,
  author    = {Chen, Hansheng and Wang, Pichao and Wang, Fan and Tian, Wei and Xiong, Lu and Li, Hao},
  title     = {EPro-PnP: Generalized End-to-End Probabilistic Perspective-N-Points for Monocular Object Pose Estimation},
  booktitle = {Proceedings of the IEEE/CVF Conference on Computer Vision and Pattern Recognition (CVPR)},
  month     = {June},
  year      = {2022},
  pages     = {2781-2790}
}
@InProceedings{Bhatnagar_2022_CVPR:BEHAVE,
  author    = {Bhatnagar, Bharat Lal and Xie, Xianghui and Petrov, Ilya A. and Sminchisescu, Cristian and Theobalt, Christian and Pons-Moll, Gerard},
  title     = {BEHAVE: Dataset and Method for Tracking Human Object Interactions},
  booktitle = {Proceedings of the IEEE/CVF Conference on Computer Vision and Pattern Recognition (CVPR)},
  month     = {June},
  year      = {2022},
  pages     = {15935-15946}
}
@InProceedings{zhang2020phosa,
  title = {Perceiving 3D Human-Object Spatial Arrangements from a Single Image in the Wild},
  author = {Zhang, Jason Y. and Pepose, Sam and Joo, Hanbyul and Ramanan, Deva and Malik, Jitendra and Kanazawa, Angjoo},
  booktitle = {European Conference on Computer Vision (ECCV)},
  pages={34–51},
  year = {2020},
}
@inproceedings{xie2022chore,
  title = {CHORE: Contact, Human and Object REconstruction from a single RGB image},
  author = {Xie, Xianghui and Bhatnagar, Bharat Lal and Pons-Moll, Gerard},
  booktitle = {European Conference on Computer Vision (ECCV)},
  month = {October},
  pages={125–145},
  year = {2022},
}
@article{Jiang2022FullBodyAH,
    title={Full-Body Articulated Human-Object Interaction},
    author={Nan Jiang and Tengyu Liu and Zhexuan Cao and Jieming Cui and Zhiyuan Zhang and Yixin Chen and Heng Wang and Yixin Zhu and Siyuan Huang},
    journal={2023 IEEE/CVF International Conference on Computer Vision (ICCV)},
    year={2022},
    pages={9331-9342},
    url={https://api.semanticscholar.org/CorpusID:258740661}
}

@inproceedings{smplify,
title = {Keep it {SMPL}: Automatic Estimation of {3D} Human Pose and Shape from a Single Image},
author = {Bogo, Federica and Kanazawa, Angjoo and Lassner, Christoph and Gehler, Peter and Romero, Javier and Black, Michael J.},
booktitle = {European Conference on Computer Vision (ECCV)},
series = {Lecture Notes in Computer Science},
publisher = {Springer International Publishing},
month = {October},
year = {2016},
pages={561--578},
}

@INPROCEEDINGS{UP-3D,
  author={Lassner, Christoph and Romero, Javier and Kiefel, Martin and Bogo, Federica and Black, Michael J. and Gehler, Peter V.},
  booktitle={Proceedings of the IEEE/CVF Conference on Computer Vision and Pattern Recognition (CVPR)}, 
  title={Unite the People: Closing the Loop Between 3D and 2D Human Representations}, 
  year={2017},
  volume={},
  number={},
  pages={4704-4713},
}
@inproceedings{NBF:3DV:2018,
  title = {Neural Body Fitting: Unifying Deep Learning and Model-Based Human Pose and Shape Estimation},
  author = {Omran, Mohamed and Lassner, Christoph and Pons-Moll, Gerard and Gehler, Peter V. and Schiele, Bernt},
  booktitle = {3DV},
  pages = {484-494},
  month = sep,
  year = {2018},
  doi = {},
  month_numeric = {9}
}
@InProceedings{Zanfir_2021_ICCV,
    author    = {Zanfir, Mihai and Zanfir, Andrei and Bazavan, Eduard Gabriel and Freeman, William T. and Sukthankar, Rahul and Sminchisescu, Cristian},
    title     = {THUNDR: Transformer-Based 3D Human Reconstruction With Markers},
    booktitle = {Proceedings of the IEEE/CVF International Conference on Computer Vision (ICCV)},
    month     = {October},
    year      = {2021},
    pages     = {12971-12980}
}
@inproceedings{Song2020HumanBM,
  title={Human Body Model Fitting by Learned Gradient Descent},
  author={Jie Song and Xu Chen and Otmar Hilliges},
  booktitle={European Conference on Computer Vision (ECCV)},
  year={2020},
  url={https://api.semanticscholar.org/CorpusID:221173124}
}
@inProceedings{kanazawaHMR18,
  title={End-to-end Recovery of Human Shape and Pose},
  author = {Angjoo Kanazawa
  and Michael J. Black
  and David W. Jacobs
  and Jitendra Malik},
  booktitle={Computer Vision and Pattern Recognition (CVPR)},
  year={2018}
}
@inproceedings{NIPS2017_ab452534,
 author = {Tung, Hsiao-Yu and Tung, Hsiao-Wei and Yumer, Ersin and Fragkiadaki, Katerina},
 booktitle = {Advances in Neural Information Processing Systems},
 editor = {I. Guyon and U. Von Luxburg and S. Bengio and H. Wallach and R. Fergus and S. Vishwanathan and R. Garnett},
 pages = {},
 publisher = {Curran Associates, Inc.},
 title = {Self-supervised Learning of Motion Capture},
 url = {https://proceedings.neurips.cc/paper_files/paper/2017/file/ab452534c5ce28c4fbb0e102d4a4fb2e-Paper.pdf},
 volume = {30},
 year = {2017}
}
@InProceedings{Xu_2019_ICCV,
author = {Xu, Yuanlu and Zhu, Song-Chun and Tung, Tony},
title = {DenseRaC: Joint 3D Pose and Shape Estimation by Dense Render-and-Compare},
booktitle = {Proceedings of the IEEE/CVF International Conference on Computer Vision (ICCV)},
month = {October},
year = {2019}
}
@InProceedings{Pavlakos_2018_CVPR,
author = {Pavlakos, Georgios and Zhu, Luyang and Zhou, Xiaowei and Daniilidis, Kostas},
title = {Learning to Estimate 3D Human Pose and Shape From a Single Color Image},
booktitle = {Proceedings of the IEEE Conference on Computer Vision and Pattern Recognition (CVPR)},
month = {June},
year = {2018}
}
@InProceedings{Guler_2019_CVPR,
author = {Guler, Riza Alp and Kokkinos, Iasonas},
title = {HoloPose: Holistic 3D Human Reconstruction In-The-Wild},
booktitle = {Proceedings of the IEEE/CVF Conference on Computer Vision and Pattern Recognition (CVPR)},
month = {June},
year = {2019}
}
@article{Omran2018NeuralBF,
  title={Neural Body Fitting: Unifying Deep Learning and Model Based Human Pose and Shape Estimation},
  author={Mohamed Omran and Christoph Lassner and Gerard Pons-Moll and Peter Gehler and Bernt Schiele},
  journal={2018 International Conference on 3D Vision (3DV)},
  year={2018},
  pages={484-494},
  url={https://api.semanticscholar.org/CorpusID:52037284}
}
@article{Zhang2019DaNetDN,
  title={DaNet: Decompose-and-aggregate Network for 3D Human Shape and Pose Estimation},
  author={Hongwen Zhang and Jie Cao and Guo Lu and Wanli Ouyang and Zhenan Sun},
  journal={Proceedings of the 27th ACM International Conference on Multimedia},
  year={2019},
  url={https://api.semanticscholar.org/CorpusID:204837728}
}
@InProceedings{Zhou_2019_CVPR,
author = {Zhou, Yi and Barnes, Connelly and Lu, Jingwan and Yang, Jimei and Li, Hao},
title = {On the Continuity of Rotation Representations in Neural Networks},
booktitle = {Proceedings of the IEEE/CVF Conference on Computer Vision and Pattern Recognition (CVPR)},
month = {June},
year = {2019}
}
@InProceedings{Zhou_2021_CVPR,
    author    = {Zhou, Yuxiao and Habermann, Marc and Habibie, Ikhsanul and Tewari, Ayush and Theobalt, Christian and Xu, Feng},
    title     = {Monocular Real-Time Full Body Capture With Inter-Part Correlations},
    booktitle = {Proceedings of the IEEE/CVF Conference on Computer Vision and Pattern Recognition (CVPR)},
    month     = {June},
    year      = {2021},
    pages     = {4811-4822}
}
@InProceedings{Choi_2021_CVPR,
    author    = {Choi, Hongsuk and Moon, Gyeongsik and Chang, Ju Yong and Lee, Kyoung Mu},
    title     = {Beyond Static Features for Temporally Consistent 3D Human Pose and Shape From a Video},
    booktitle = {Proceedings of the IEEE/CVF Conference on Computer Vision and Pattern Recognition (CVPR)},
    month     = {June},
    year      = {2021},
    pages     = {1964-1973}
}
@InProceedings{Lin_2021_CVPR,
    author    = {Lin, Kevin and Wang, Lijuan and Liu, Zicheng},
    title     = {End-to-End Human Pose and Mesh Reconstruction with Transformers},
    booktitle = {Proceedings of the IEEE/CVF Conference on Computer Vision and Pattern Recognition (CVPR)},
    month     = {June},
    year      = {2021},
    pages     = {1954-1963}
}
@InProceedings{Lin_2021_ICCV,
    author    = {Lin, Kevin and Wang, Lijuan and Liu, Zicheng},
    title     = {Mesh Graphormer},
    booktitle = {Proceedings of the IEEE/CVF International Conference on Computer Vision (ICCV)},
    month     = {October},
    year      = {2021},
    pages     = {12939-12948}
}
@InProceedings{cho2022FastMETRO,
    title={Cross-Attention of Disentangled Modalities for 3D Human Mesh Recovery with Transformers},
    author={Junhyeong Cho and Kim Youwang and Tae-Hyun Oh},
    booktitle={European Conference on Computer Vision (ECCV)},
    year={2022}
}
@InProceedings{Zheng_2023_CVPR,
    author    = {Zheng, Ce and Liu, Xianpeng and Qi, Guo-Jun and Chen, Chen},
    title     = {POTTER: Pooling Attention Transformer for Efficient Human Mesh Recovery},
    booktitle = {Proceedings of the IEEE/CVF Conference on Computer Vision and Pattern Recognition (CVPR)},
    month     = {June},
    year      = {2023},
    pages     = {1611-1620}
}
@inproceedings{Sengupta2024DiffHumanPP,
  title={DiffHuman: Probabilistic Photorealistic 3D Reconstruction of Humans},
  author={Akash Sengupta and Thiemo Alldieck and Nikos Kolotouros and Enric Corona and Andrei Zanfir and Cristian Sminchisescu},
  year={2024},
  booktitle = {Proceedings of the IEEE/CVF Conference on Computer Vision and Pattern Recognition (CVPR)},
  url={https://api.semanticscholar.org/CorpusID:268819147}
}
@InProceedings{Li_2019_CVPR,
author = {Li, Chen and Lee, Gim Hee},
title = {Generating Multiple Hypotheses for 3D Human Pose Estimation With Mixture Density Network},
booktitle = {Proceedings of the IEEE/CVF Conference on Computer Vision and Pattern Recognition (CVPR)},
month = {June},
year = {2019}
}
@InProceedings{Wehrbein_2021_ICCV,
    author    = {Wehrbein, Tom and Rudolph, Marco and Rosenhahn, Bodo and Wandt, Bastian},
    title     = {Probabilistic Monocular 3D Human Pose Estimation With Normalizing Flows},
    booktitle = {Proceedings of the IEEE/CVF International Conference on Computer Vision (ICCV)},
    month     = {October},
    year      = {2021},
    pages     = {11199-11208}
}
@InProceedings{Gong_2023_CVPR,
    author    = {Gong, Jia and Foo, Lin Geng and Fan, Zhipeng and Ke, Qiuhong and Rahmani, Hossein and Liu, Jun},
    title     = {DiffPose: Toward More Reliable 3D Pose Estimation},
    booktitle = {Proceedings of the IEEE/CVF Conference on Computer Vision and Pattern Recognition (CVPR)},
    month     = {June},
    year      = {2023},
    pages     = {13041-13051}
}
@InProceedings{Shan_2023_ICCV,
    author    = {Shan, Wenkang and Liu, Zhenhua and Zhang, Xinfeng and Wang, Zhao and Han, Kai and Wang, Shanshe and Ma, Siwei and Gao, Wen},
    title     = {Diffusion-Based 3D Human Pose Estimation with Multi-Hypothesis Aggregation},
    booktitle = {Proceedings of the IEEE/CVF International Conference on Computer Vision (ICCV)},
    month     = {October},
    year      = {2023},
    pages     = {14761-14771}
}
@inproceedings{NEURIPS2020_ebf99bb5,
 author = {Biggs, Benjamin and Novotny, David and Ehrhardt, Sebastien and Joo, Hanbyul and Graham, Ben and Vedaldi, Andrea},
 booktitle = {Advances in Neural Information Processing Systems},
 editor = {H. Larochelle and M. Ranzato and R. Hadsell and M.F. Balcan and H. Lin},
 pages = {20496--20507},
 publisher = {Curran Associates, Inc.},
 title = {3D Multi-bodies: Fitting Sets of Plausible 3D Human Models to Ambiguous Image Data},
 url = {https://proceedings.neurips.cc/paper_files/paper/2020/file/ebf99bb5df6533b6dd9180a59034698d-Paper.pdf},
 volume = {33},
 year = {2020}
}
@InProceedings{Kehl_2017_ICCV,
author = {Kehl, Wadim and Manhardt, Fabian and Tombari, Federico and Ilic, Slobodan and Navab, Nassir},
title = {SSD-6D: Making RGB-Based 3D Detection and 6D Pose Estimation Great Again},
booktitle = {Proceedings of the IEEE International Conference on Computer Vision (ICCV)},
month = {Oct},
year = {2017}
}
@inproceedings{Liu2015SSDSS,
  title={SSD: Single Shot MultiBox Detector},
  author={W. Liu and Dragomir Anguelov and D. Erhan and Christian Szegedy and Scott E. Reed and Cheng-Yang Fu and Alexander C. Berg},
  booktitle={European Conference on Computer Vision (ECCV)},
  year={2015},
  url={https://api.semanticscholar.org/CorpusID:2141740}
}
@inproceedings{xiang2018posecnn,
    Author = {Xiang, Yu and Schmidt, Tanner and Narayanan, Venkatraman and Fox, Dieter},
    Title = {PoseCNN: A Convolutional Neural Network for 6D Object Pose Estimation in Cluttered Scenes},
    Journal   = {Robotics: Science and Systems (RSS)},
    Year = {2018}
}
@InProceedings{Manhardt_2019_ICCV,
author = {Manhardt, Fabian and Arroyo, Diego Martin and Rupprecht, Christian and Busam, Benjamin and Birdal, Tolga and Navab, Nassir and Tombari, Federico},
title = {Explaining the Ambiguity of Object Detection and 6D Pose From Visual Data},
booktitle = {Proceedings of the IEEE/CVF International Conference on Computer Vision (ICCV)},
month = {October},
year = {2019}
}
@InProceedings{Sundermeyer_2020_CVPR,
author = {Sundermeyer, Martin and Durner, Maximilian and Puang, En Yen and Marton, Zoltan-Csaba and Vaskevicius, Narunas and Arras, Kai O. and Triebel, Rudolph},
title = {Multi-Path Learning for Object Pose Estimation Across Domains},
booktitle = {Proceedings of the IEEE/CVF Conference on Computer Vision and Pattern Recognition (CVPR)},
month = {June},
year = {2020}
}
@inproceedings{Sundermeyer2018Implicit3O,
  title={Implicit 3D Orientation Learning for 6D Object Detection from RGB Images},
  author={Martin Sundermeyer and Zolt{\'a}n-Csaba M{\'a}rton and Maximilian Durner and Manuel Brucker and Rudolph Triebel},
  booktitle={European Conference on Computer Vision},
  year={2018},
  url={https://api.semanticscholar.org/CorpusID:52953916}
}
@InProceedings{Tekin_2018_CVPR,
author = {Tekin, Bugra and Sinha, Sudipta N. and Fua, Pascal},
title = {Real-Time Seamless Single Shot 6D Object Pose Prediction},
booktitle = {Proceedings of the IEEE Conference on Computer Vision and Pattern Recognition (CVPR)},
month = {June},
year = {2018}
}
@InProceedings{Oberweger_2018_ECCV,
author = {Oberweger, Markus and Rad, Mahdi and Lepetit, Vincent},
title = {Making Deep Heatmaps Robust to Partial Occlusions for 3D Object Pose Estimation},
booktitle = {Proceedings of the European Conference on Computer Vision (ECCV)},
month = {September},
year = {2018}
}
@InProceedings{Hu_2020_CVPR,
author = {Hu, Yinlin and Fua, Pascal and Wang, Wei and Salzmann, Mathieu},
title = {Single-Stage 6D Object Pose Estimation},
booktitle = {Proceedings of the IEEE/CVF Conference on Computer Vision and Pattern Recognition (CVPR)},
month = {June},
year = {2020}
}
@InProceedings{Peng_2019_CVPR,
author = {Peng, Sida and Liu, Yuan and Huang, Qixing and Zhou, Xiaowei and Bao, Hujun},
title = {PVNet: Pixel-Wise Voting Network for 6DoF Pose Estimation},
booktitle = {Proceedings of the IEEE/CVF Conference on Computer Vision and Pattern Recognition (CVPR)},
month = {June},
year = {2019}
}
@inproceedings{hu2019segpose,
  title={Segmentation-driven 6D Object Pose Estimation},
  author={Yinlin Hu and Joachim Hugonot and Pascal Fua and Mathieu Salzmann},
  booktitle={Proceedings of the IEEE/CVF Conference on Computer Vision and Pattern Recognition (CVPR)},
  year={2019}
}
@InProceedings{Li_2019_ICCV,
author = {Li, Zhigang and Wang, Gu and Ji, Xiangyang},
title = {CDPN: Coordinates-Based Disentangled Pose Network for Real-Time RGB-Based 6-DoF Object Pose Estimation},
booktitle = {Proceedings of the IEEE/CVF International Conference on Computer Vision (ICCV)},
month = {October},
year = {2019}
}
@InProceedings{Park_2019_ICCV,
author = {Park, Kiru and Patten, Timothy and Vincze, Markus},
title = {Pix2Pose: Pixel-Wise Coordinate Regression of Objects for 6D Pose Estimation},
booktitle = {Proceedings of the IEEE/CVF International Conference on Computer Vision (ICCV)},
month = {October},
year = {2019}
}
@article{zhao2017losses,
  archiveprefix = {arxiv},
  eprint        = {1511.08861},
  author        = {Hang Zhao and Orazio Gallo and Iuri Frosio and Jan Kautz},
  title         = {Loss Functions for Image Restoration with Neural Networks},
  booktitle     = {IEEE Transactions on Computational Imaging (TCI)},
  month         = {March},
  year          = {2017},
  website       = {https://research.nvidia.com/publication/2017-03_loss-functions-image-restoration-neural-networks},
}
@InProceedings{Wang_2019_CVPR,
author = {Wang, He and Sridhar, Srinath and Huang, Jingwei and Valentin, Julien and Song, Shuran and Guibas, Leonidas J.},
title = {Normalized Object Coordinate Space for Category-Level 6D Object Pose and Size Estimation},
booktitle = {Proceedings of the IEEE/CVF Conference on Computer Vision and Pattern Recognition (CVPR)},
month = {June},
year = {2019}
}
@InProceedings{Tian_2020_ECCV,
  author = {Tian, Meng and Ang Jr, Marcelo H and Lee, Gim Hee},
  title = {Shape Prior Deformation for Categorical 6D Object Pose and Size Estimation},
  booktitle = {Proceedings of the European Conference on Computer Vision (ECCV)},
  month = {August},
  year = {2020}
}
@inproceedings{chen2021sgpa,
  title={Sgpa: Structure-guided prior adaptation for category-level 6d object pose estimation},
  author={Chen, Kai and Dou, Qi},
  booktitle={Proceedings of the IEEE/CVF International Conference on Computer Vision},
  pages={2773--2782},
  year={2021}
}
@InProceedings{Lin_2021_ICCV,
    author    = {Lin, Jiehong and Wei, Zewei and Li, Zhihao and Xu, Songcen and Jia, Kui and Li, Yuanqing},
    title     = {DualPoseNet: Category-Level 6D Object Pose and Size Estimation Using Dual Pose Network With Refined Learning of Pose Consistency},
    booktitle = {Proceedings of the IEEE/CVF International Conference on Computer Vision (ICCV)},
    month     = {October},
    year      = {2021},
    pages     = {3560-3569}
}
@article{Wang2021CategoryLevel6O,
  title={Category-Level 6D Object Pose Estimation via Cascaded Relation and Recurrent Reconstruction Networks},
  author={Jiaze Wang and Kai Chen and Qi Dou},
  journal={2021 IEEE/RSJ International Conference on Intelligent Robots and Systems (IROS)},
  year={2021},
  pages={4807-4814},
  url={https://api.semanticscholar.org/CorpusID:237213418}
}
@inproceedings{ RBPPOSE,
  author    = { Ruida Zhang and Yan Di and Zhiqiang Lou and Fabian Manhardt and Nassir Navab and Federico Tombari and Xiangyang Ji },
  title     = { RBP-Pose: Residual Bounding Box Projection for Category-Level Pose Estimation },
  booktitle = { Proceedings of the European Conference on Computer Vision (Accepted) (ECCV) },
  pages     = {  },
  year      = { 2022 }
}
@inproceedings{Lin2024InstanceAdaptiveAG,
  title={Instance-Adaptive and Geometric-Aware Keypoint Learning for Category-Level 6D Object Pose Estimation},
  author={Xiao Lin and Wenfei Yang and Yuan Gao and Tianzhu Zhang},
booktitle = {Proceedings of the IEEE/CVF Conference on Computer Vision and Pattern Recognition (CVPR)},
  year={2024},
  url={https://api.semanticscholar.org/CorpusID:268732724}
}
@article{xu2021d3dhoi,
  title={D3D-HOI: Dynamic 3D Human-Object Interactions from Videos},
  author={Xiang Xu and Hanbyul Joo and Greg Mori and Manolis Savva},
  journal={arXiv preprint arXiv:2108.08420},
  year={2021}
}
@inproceedings{wang2022reconstruction,
      title={Reconstructing Action-Conditioned Human-Object Interactions Using Commonsense Knowledge Priors},
      author={Wang, Xi and Li, Gen and Kuo, Yen-Ling and Kocabas, Muhammed and Aksan, Emre and Hilliges, Otmar},
      booktitle={International Conference on 3D Vision (3DV)},
      year={2022}
}
@inproceedings{yang2023lemon,
  title={LEMON: Learning 3D Human-Object Interaction Relation from 2D Images},
  author={Yang, Yuhang and Zhai, Wei and Luo, Hongchen and Cao, Yang and Zha, Zheng-Jun},
  journal={arXiv preprint arXiv:2312.08963},
booktitle = {Proceedings of the IEEE/CVF Conference on Computer Vision and Pattern Recognition (CVPR)},
  year={2024}
}
@inproceedings{Dong2011EfficientKN,
  title={Efficient k-nearest neighbor graph construction for generic similarity measures},
  author={Wei Dong and Moses Charikar and K. Li},
  booktitle={The Web Conference},
  year={2011},
  url={https://api.semanticscholar.org/CorpusID:207186093}
}
@InProceedings{Cai_2022_CVPR,
    author    = {Cai, Likun and Zhang, Zhi and Zhu, Yi and Zhang, Li and Li, Mu and Xue, Xiangyang},
    title     = {BigDetection: A Large-Scale Benchmark for Improved Object Detector Pre-Training},
    booktitle = {Proceedings of the IEEE/CVF Conference on Computer Vision and Pattern Recognition (CVPR) Workshops},
    month     = {June},
    year      = {2022},
    pages     = {4777-4787}
}
@InProceedings{Kirillov_2023_ICCV,
    author    = {Kirillov, Alexander and Mintun, Eric and Ravi, Nikhila and Mao, Hanzi and Rolland, Chloe and Gustafson, Laura and Xiao, Tete and Whitehead, Spencer and Berg, Alexander C. and Lo, Wan-Yen and Dollar, Piotr and Girshick, Ross},
    title     = {Segment Anything},
    booktitle = {Proceedings of the IEEE/CVF International Conference on Computer Vision (ICCV)},
    month     = {October},
    year      = {2023},
    pages     = {4015-4026}
}
@inproceedings{xu2022vitpose,
  title={Vi{TP}ose: Simple Vision Transformer Baselines for Human Pose Estimation},
  author={Yufei Xu and Jing Zhang and Qiming Zhang and Dacheng Tao},
  booktitle={Advances in Neural Information Processing Systems},
  year={2022},
}
@inproceedings{NEURIPS2023_2614947a,
 author = {Cai, Zhongang and Yin, Wanqi and Zeng, Ailing and WEI, CHEN and SUN, Qingping and Yanjun, Wang and Pang, Hui En and Mei, Haiyi and Zhang, Mingyuan and Zhang, Lei and Loy, Chen Change and Yang, Lei and Liu, Ziwei},
 booktitle = {Advances in Neural Information Processing Systems},
 editor = {A. Oh and T. Neumann and A. Globerson and K. Saenko and M. Hardt and S. Levine},
 pages = {11454--11468},
 publisher = {Curran Associates, Inc.},
 title = {SMPLer-X: Scaling Up Expressive Human Pose and Shape Estimation},
 url = {https://proceedings.neurips.cc/paper_files/paper/2023/file/2614947a25d7c435bcd56c51958ddcb1-Paper-Datasets_and_Benchmarks.pdf},
 volume = {36},
 year = {2023}
}
@inproceedings{ijcai2023p100,
  title     = {StackFLOW: Monocular Human-Object Reconstruction by Stacked Normalizing Flow with Offset},
  author    = {Huo, Chaofan and Shi, Ye and Ma, Yuexin and Xu, Lan and Yu, Jingyi and Wang, Jingya},
  booktitle = {Proceedings of the Thirty-Second International Joint Conference on
               Artificial Intelligence, {IJCAI-23}},
  publisher = {International Joint Conferences on Artificial Intelligence Organization},
  editor    = {Edith Elkind},
  pages     = {902--910},
  year      = {2023},
  month     = {8},
  note      = {Main Track},
  doi       = {10.24963/ijcai.2023/100},
  url       = {https://doi.org/10.24963/ijcai.2023/100},
}
@inproceedings{Wang2021MetaAvatarLA,
  title={MetaAvatar: Learning Animatable Clothed Human Models from Few Depth Images},
  author={Shaofei Wang and Marko Mihajlovic and Qianli Ma and Andreas Geiger and Siyu Tang},
  booktitle={Neural Information Processing Systems},
  year={2021},
  url={https://api.semanticscholar.org/CorpusID:235593022}
}
@article{Pons-Moll:Siggraph2017,
title = {ClothCap: Seamless 4D Clothing Capture and Retargeting},
author = {Pons-Moll, Gerard and Pujades, Sergi and Hu, Sonny and Black, Michael},
journal = {ACM Transactions on Graphics, (Proc. SIGGRAPH)},
volume = {36},
number = {4},
year = {2017},
note = {Two first authors contributed equally},
crossref = {},
url = {http://dx.doi.org/10.1145/3072959.3073711}
}
@article{Ma2019LearningTD,
  title={Learning to Dress 3D People in Generative Clothing},
  author={Qianli Ma and Jinlong Yang and Anurag Ranjan and Sergi Pujades and Gerard Pons-Moll and Siyu Tang and Michael J. Black},
  journal={2020 IEEE/CVF Conference on Computer Vision and Pattern Recognition (CVPR)},
  year={2019},
  pages={6468-6477},
  url={https://api.semanticscholar.org/CorpusID:209386419}
}
@inproceedings{bhatnagar22behave,
    title = {BEHAVE: Dataset and Method for Tracking Human Object Interactions},
    author={Bhatnagar, Bharat Lal and Xie, Xianghui and Petrov, Ilya and Sminchisescu, Cristian and Theobalt, Christian and Pons-Moll, Gerard},
    booktitle = {{IEEE} Conference on Computer Vision and Pattern Recognition (CVPR)},
    month = {jun},
    organization = {{IEEE}},
    year = {2022},
    }
%---------------------------------------------------------------------------%
